@BOOK{BGDEvd1993,
	AUTHOR       = {{В. И. Евдокимов, В. И. Козаченко, Л. А. Нейман, В. В. Румянцев}},
	TITLE        = {Охрана труда и окружающей среды},
	PUBLISHER    = {СПГААП},
	YEAR         = {1993},
	VOLUME       = {},
	SERIES       = {Учебное пособие},
	ADDRESS      = {СПб.},
	EDITION      = {},
	MONTH        = {},
	NOTE         = {}
}

@BOOKLET{BGDGigi2004,
	TITLE        = {Гигиенические требования к персональным электронно-вычислительным машинам и организации работы},
	AUTHOR       = {},
	HOWPUBLISHED = {СПб.: СПбГПУ},
	ADDRESS      = {},
	MONTH        = {},
	YEAR         = {2004},
	NOTE         = {}
}

@MISC{BGDGost_12_1_005_88,
	AUTHOR       = {},
	TITLE        = {{ГОСТ} 12.1.005-88 ``{О}бщие санитарно-гигиенические требования к воздуху рабочей зоны''},
	HOWPUBLISHED = {},
	MONTH        = {},
	YEAR         = {},
	NOTE         = {}
}

@MISC{BGDSanpin2_2_2_2_4_1340_03,
	AUTHOR       = {},
	TITLE        = {Санитарно-эпидемиологические правила и нормативы. {СанПиН} 2.2.2/2.4.1340-03 ``{Г}игиенические требования к персональным электронно-вычислительным машинам и организации работы''},
	HOWPUBLISHED = {},
	MONTH        = {},
	YEAR         = {},
	NOTE         = {}
}

@MISC{BGDGost_21552-84,
	AUTHOR       = {},
	TITLE        = {{ГОСТ} 21552-84 ``{С}редства вычислительной техники. {О}бщие технические требования, приемка, методы испытаний, маркировка, упаковка, транспортирование и хранение''},
	HOWPUBLISHED = {},
	MONTH        = {},
	YEAR         = {},
	NOTE         = {}
}

@MISC{BGDGost_12_1_038_82,
	AUTHOR       = {},
	TITLE        = {{ГОСТ} 12.1.038-82 ``{Э}лектробезопасность. {П}редельно допустимые значения напряжений прикосновения и токов''},
	HOWPUBLISHED = {},
	MONTH        = {},
	YEAR         = {},
	NOTE         = {}
}


@MISC{BGDGost_12_1_004_91,
	AUTHOR       = {},
	TITLE        = {{ГОСТ} 12.1.004-91 ``{П}ожарная безопасность. {О}бщие требования''},
	HOWPUBLISHED = {},
	MONTH        = {},
	YEAR         = {},
	NOTE         = {}
}
